%multicore.bib
%Ryan H. Lewis
@article{rhl-yaggpis-14,
Author = {Ryan H. Lewis},
Title = {Yet Another Graph Partitioning Problem is {N}{P}-Hard},
Year = {2014},
journal   = {CoRR},
Eprint = {1403.5544},
volume    = {abs/1403.5544},
url        = {{http://arxiv.org/abs/1403.5544}}
}

@inproceedings{caikm-ptafm-1997,
  title={Polynomial time algorithms for modules over finite dimensional algebras},
  author={Chistov, Alexander and Ivanyos, G{\'a}bor and Karpinski, Marek},
  booktitle={Proceedings of the 1997 international symposium on Symbolic and algebraic computation},
  pages={68--74},
  year={1997},
  organization={ACM}
}

@article{CSE-curves,
Author={Cohen-Steiner, D. and Edelsbrunner, H.},
Title={Inequalities for the curvature of curves and surfaces},
journal={Foundations of Computational Mathematics},
year={2007},
volume={7},
pages={391--404}
}

@article{smith,
  title={On systems of linear indeterminate equations and congruences},
  author={Smith, Henry J Stephen},
  journal={Philosophical transactions of the royal society of london},
  volume={151},
  pages={293--326},
  year={1861},
  publisher={The Royal Society}
}

@article{SW-measuring-shape,
Author={MacPherson, R. and Schweinhart, B.},
Title={Measuring Shape with Topology},
Year={2012},
volume={53},
journal={Journal of Mathematical Physics}
}

@article{parsa,
Author={Edelsbrunner, H. and Parsa, S.},
Title={On the computational complexity of Betti numbers: reductions from matrix rank.},
Journal={Proceedings of the Annual Symposium on Discrete Algorithms},
pages={152--160},
year={2014}
}

@article{cosmic-web,
Author={van de Weygaert, R., et. al},
Title={Alpha, Betti and the megaparsec Universe: on the topology of the cosmic web},
journal={Trans. Comput. Sci.},
volume={XIV},
year = {2011}
}

@misc{ncg-dmt-13,
author = "Curry, J. and  Ghrist, R. and Nanda, V.",
Title = "Discrete Morse theory for computing cellular sheaf cohomology",
Year = "2013",
Eprint = "1312.6454",
}

@Misc{ProofByAuthority,
  author = {E. Kaltofen, B. David Saunders},
  howpublished      = 	{Personal Communication},
  year = 2012
}

% Patent
@misc{snb-pds-11,
 author="Sundaram, P. and Napel, S. A. and Beaulieu, C. F. and Zomorodian, 
  A. J.",
 title = "Polyp Detection Using Smoothed Shape Operators",
 note = "US 2008/0205749 Patent Pending",
 year = 2011,
}

% Book, Book Chapter, Special Issue
@incollection{z-tda-11,
  author = "Zomorodian, A.",
  booktitle = "Computational Topology",
  title = "Topological Data Analysis",
  publisher = "American Mathematical Society",
  address = "Providence, RI", 
  year = 2011,
  note = "(To appear)",
}

% October 2010
@article{wz-si-10,
  author = "Wenk, C. and A. Zomorodian{, editors}",
  title = "{Special Issue on the 25th Annual Symposium on Computational 
           Geometry (SoCG~'09)}",
  journal = "Computational Geometry:  Theory \& Applications", 
  publisher = "Elsevier B. V.",
  year = "2010",
  volume = "43",
  number = 8,
}

% January 2010
@incollection{z-ct-10,
  author = "Zomorodian, Afra",
  editor = "Atallah, M. and Blanton, M.",
  booktitle = "Algorithms and Theory of Computation Handbook",
  edition = "Second", 
  title = "Computational Topology",
  publisher = "Chapman \& Hall/CRC Press",
  address = "Boca Raton, FL", 
  chapter="3",
  volume="2",
  year = 2010,
}

% September 28, 2009
@book{z-tc-09,
  author = "Zomorodian, A.", 
  title = "Topology for Computing",
  publisher = "Cambridge University Press",
  address = "New York, NY",
  year = "2009",
  edition = "paperback",
}

% January 10, 2005
@book{z-tc-05,
  author = "Zomorodian, A.", 
  title = "Topology for Computing",
  publisher = "Cambridge University Press",
  address = "New York, NY",
  year = "2005",
}

% Other Significant

% issue 3, 2008 so July 2008
@incollection{z-mp-08,
  author = "Zomorodian, Afra",
  editor = "Carlsson, G. and Kozlov, D.",
  title = "({M}ultidimensional) Persistence",
  booktitle = "Computational Algebraic Topology",
  year = 2008,
  organization = "Mathematisches Forschungsinstitut Oberwolfach",
  pages = "47--50",
  publisher = "European Mathematical Society Publishing House",
  doi="10.4171/OWR/2008/29",
}

% July 13, 2006
@incollection{cgal:kmz-isiobd-06,
  author = "Kettner, L. and Meyer, A. and Zomorodian, A.",
  booktitle = "{CGAL}-3.2 User and Reference Manual",
  title = "Intersecting Sequences of d{D} Iso-oriented Boxes",
  year = 2006,
  editor = "{CGAL Editorial Board}", 
  url = "http://www.cgal.org/Manual/3.2/doc_html/cgal_manual/packages.html#Pkg:BoxIntersectionD",
}

% Journal

% November 19, 2010
@article{csz-cmp-10,
  title = "Computing Multidimensional Persistence",
  author = "Carlsson, G. and Singh, G. and Zomorodian, A.",
  journal = "Journal of Computational Geometry", 
  year = "2010",
  volume = "1",
  number = "1",
  pages = "72--100",
}

% June 2010
@article{z-fcv-10,
  author = "Zomorodian, A.", 
  title = "Fast Construction of the {V}ietoris-{R}ips Complex",
  journal = "Computers \& Graphics", 
  year = 2010,
  volume = 34,
  number = 3,
  pages = "263 -- 271",
  doi = "10.1016/j.cag.2010.03.007",
}

% online:  April 24, 2009
@article{cz-tmp-09,
  title = "The theory of multidimensional persistence",
  author = "Carlsson, G. and Zomorodian, A.",
  journal = "Discrete \& Computational Geometry",
  year = 2009,
  volume = 42,
  number = 1,
  pages = "71--93",
  doi = "10.1007/s00454-009-9176-0",
}

% November 2008
@article{zc-lh-08,
  title = "Localized Homology",
  author = "Zomorodian, A. and Carlsson, G.",
  journal = "Computational Geometry:  Theory \& Applications",
  year = 2008,
  volume = 41,
  number = 3,
  pages = "126--148",
  doi = "10.1016/j.comgeo.2008.02.003",
}

% April 2008
@article{szb-cpd-08,
  title = "Colon polyp detection using smoothed shape operators:
  	   Preliminary results",
  author = "Sundaram, P. and Zomorodian, A. and Beaulieu, C. and Napel, S.",
  journal = "Medical Image Analysis",
  year = 2008,
  volume = 12,
  number = 2, 
  pages = "99--119",
  doi = "10.1016/j.media.2007.08.001",
}  

@book{chinese-ge,
  title={The nine chapters on the mathematical art: Companion and commentary},
  author={Shen, Kangshen and Crossley, John N and Lun, Anthony Wah-Cheung and Liu, Hui},
  year={1999},
  publisher={Oxford University Press on Demand}
}

@article{poincare-smith,
  title={Sur la g{\'e}n{\'e}ralisation d?un th{\'e}oreme d?Euler relatif aux polyedres},
  author={Poincar{\'e}, Henri},
  journal={Comptes Rendus de S{\'e}ances de l?Academie des Sciences},
  volume={117},
  pages={144},
  year={1893}
}

@article{ghrist-n-desilva,
  title={Coordinate-free coverage in sensor networks with controlled boundaries via homology},
  author={De Silva, Vin and Ghrist, Robert},
  journal={The International Journal of Robotics Research},
  volume={25},
  number={12},
  pages={1205--1222},
  year={2006},
  publisher={SAGE Publications}
}

% January 2008
@article{cid-lbs-08,
  title = "On the Local Behavior of Spaces of Natural Images",
  author = "Carlsson, G. and Ishkhanov, T. and de Silva, V. and Zomorodian, A.",
  journal = "International Journal of Computer Vision",
  year = 2008,
  volume = 76,
  number = 1, 
  pages = "1--12",
  doi = "10.1007/s11263-007-0056-x",
}  

@article{kzp-pv-07,
  title = "Persistent voids: a new structural metric for membrane fusion",
  author = "Kasson, P. M. and Zomorodian, A. and Park, S. and Singhal, N. and 
            Guibas, L. J. and Pande, V. S.",
  journal = "Bioinformatics",
  year = 2007,
  volume = 23,
  number = 14,
  pages = "1753--1759",
  doi = "10.1093/bioinformatics/btm250",
}  

@article{cgp-cas-06,
  title = "The Conformal Alpha Shape Filtration",
  author = "Cazals, F. and Giesen, J. and Pauly, M. and Zomorodian, A.",
  journal = "The Visual Computer",
  year = 2006,
  volume = 22,
  number = 8,
  pages = "531--540",
  doi = "10.1007/s00371-006-0027-1",
}  

@article{zgk-gfp-06,
  title = "Geometric filtering of pairwise atomic interactions applied to
           the design of efficient statistical potentials", 
  author = "Zomorodian, A. and Guibas, L. J. and Koehl, P.",
  journal = "Computer Aided Geometric Design",
  year = 2006,
  volume = 23,
  number = 6,
  pages = "531--544",
  doi = "10.1016/j.cagd.2006.03.002",
}

@book{dummitnfoote,
  title={Abstract algebra},
  author={Dummit, David Steven and Foote, Richard M},
  volume={1984},
  year={2004},
  publisher={Wiley Hoboken}
}

@article{czc-pbs-05,
  title = "Persistence Barcodes for Shapes",
  author = "Carlsson, G. and Zomorodian, A. and Collins, A. and Guibas, L. J.",
  journal = "International Journal of Shape Modeling", 
  year = 2005,
  volume = 11,
  number = 2,
  pages = "149--187",
  doi = "10.1142/S0218654305000761",
}

@article{zc-cph-05,
  author = "Zomorodian, A. and Carlsson, G.",
  title = "Computing Persistent Homology",
  journal = "Discrete \& Computational Geometry",
  year = 2005,
  volume = 33,
  number = 2,
  pages = "249--274",
  doi = "10.1007/s00454-004-1146-y",
}

@article{czc-bsd-04b,
  author = "Collins, A. and Zomorodian, A. and Carlsson, G. and Guibas, L.",
  title = "A Barcode Shape Descriptor for Curve Point Cloud Data",
  journal = "Computers \& Graphics", 
  year = 2004,
  volume = 28,
  number = 6,
  pages = "881--894",
  doi = "10.1016/j.cag.2004.08.015",
}

@article{ez-cln-03,
  author = "Edelsbrunner, H. and Zomorodian, A.",
  title = "Computing Linking Numbers in a Filtration",
  journal = "Homology, Homotopy and Applications",
  pages = "19--37",
  volume = 5,
  number = 2,
  year = 2003
}

@book{mcleary,
  title={A user's guide to spectral sequences},
  author={McCleary, John},
  number={58},
  series={II},
  year={2001},
  publisher={Cambridge University Press}
}

@article{ehz-hms-03,
  author = "Edelsbrunner, H. and Harer, J. and Zomorodian, A.",
  title = "Hierarchical {M}orse-{S}male Complexes for Piecewise 
           Linear 2-Manifolds",
  journal = "Discrete \& Computational Geometry",
  year = 2003,
  volume = 30,
  number = 1, 
  pages = "87--107",
  doi = "10.1007/s00454-003-2926-5",
}

@article{elz-tps-02,
  author = "Edelsbrunner, H. and Letscher, D. and Zomorodian, A.",
  title = "Topological persistence and simplification",
  journal = "Discrete \& Computational Geometry",
  year = 2002,
  volume = 28,
  number = 4, 
  pages = "511--533",
  doi = "10.1007/s00454-002-2885-2",
}

@article{ze-fsb-02,
  author = "Zomorodian, A. and Edelsbrunner, H.",
  title = "Fast Software for Box Intersection",
  journal = "International Journal for Computational Geometry \&
             Applications", 
  year = 2002,
  volume = 12,  
  pages = "143--172",
  doi = "10.1142/S0218195902000785",
}

% Thesis
@phdthesis{z-cct-01,
    author = "Zomorodian, A.",
    school = "University of Illinois at Urbana-Champaign",
    title = "Computing and Comprehending Topology:  
    Persistence and Hierarchical {M}orse Complexes",
    year = "2001",
}

% Proceedings

% June 2010
@inproceedings{z-ts-10,
  title = "The Tidy Set:  A Minimal Simplicial Set for Computing 
           Homology of Clique Complexes",
  author = "Zomorodian, A.",
  booktitle = "Proc. ACM Symposium of Computational Geometry", 
  year = 2010,
  pages = "257--266",  
}

% June 2010
@inproceedings{z-fcv-10a,
  title = "Fast Construction of the {V}ietoris-{R}ips Complex",
  author = "Zomorodian, A.",
  booktitle = "Proc. Shape Modeling International", 
  year = 2010,
  note="(Appeared directly in Special Issue)",
}

% December 2009
@inproceedings{csz-cmp-09,
  title = "Computing Multidimensional Persistence",
  author = "Carlsson, G. and Singh, G. and Zomorodian, A.",
  booktitle = "Proc. International Symposium on Algorithms and Computation", 
  year = 2009,
  pages = "730--739",
}

% June 2007
@inproceedings{zc-lh-07,
  title = "Localized Homology",
  author = "Zomorodian, A. and Carlsson, G.",
  booktitle = "Proc. Shape Modeling International", 
  year = 2007,
  pages = "189--198",
}

@inproceedings{cz-tmp-07,
  title = "The Theory of Multidimensional Persistence",
  author = "Carlsson, G. and Zomorodian, A.",
  booktitle = "Proc. ACM Symposium of Computational Geometry",
  year = 2007,
  pages = "184--193",
}

@inproceedings{cgp-cas-05,
  title = "Conformal Alpha Shapes", 
  author = "Cazals, F. and Giesen, J. and Pauly, M. and Zomorodian, A.",
  booktitle = "Proc. IEEE/ Eurographics Symposium on Point-Based Graphics",
  year = 2005,
  pages = "55--61",
}

@inproceedings{czc-pbs-04,
  title = "Persistence Barcodes for Shapes", 
  author = "Carlsson, G. and Zomorodian, A. and Collins, A. and Guibas, L.",
  booktitle = "Proc. ACM/Eurographics Symposium on Geometry Processing",
  year = 2004,
 pages = "127--138",
}

@article{c-tnd-09,
    title = {{T}opology and {D}ata},
    author = {Carlsson, G.},
    journal = {{B}ulletin of the {A}merican {M}athematical {S}ociety},
    pages = {255--308},
    url = {http://www.ams.org/bull/2009-46-02/S0273-0979-09-01249-X/home.html},
    volume = {46},
    year = {2009}
}


@InProceedings{czc-bsd-04a,
  title = "A Barcode Shape Descriptor for Curve Point Cloud Data",
  author = "Collins, A. and Zomorodian, A. and Carlsson, G. and Guibas, L.",
  booktitle = "Proc. IEEE/Eurographics Symposium on Point-Based Graphics",
  year = 2004,
  pages = "181--191",
}

@inproceedings{zc-cph-04,
  title = "Computing Persistent Homology",
  author = "Zomorodian, A. and Carlsson, G.",
  booktitle = "Proc. ACM Symposium on Computational Geometry",
  year = 2004,
  pages = "347--356",
}

@incollection{ez-cln-01,
    author = {Edelsbrunner, H. and Zomorodian, A.},
    title = "Computing Linking Numbers in a Filtration",
    booktitle = "Algorithms in Bioinformatics (LNCS 2149)",
    pages = "112--127",
    publisher = "Springer",
    address = "Berlin",
    year = 2001,
}

@InProceedings{ehz-hmc-01,
  author = "Edelsbrunner, H. and Harer, J. and Zomorodian, A.",
  title = "Hierarchical {M}orse Complexes for Piecewise Linear 2-Manifolds",
  booktitle = "Proc. ACM Symposium on Computational Geometry",
  year = 2001,
  pages = "70--79",
}

@InProceedings{elz-tps-00,
  author = "Edelsbrunner, H. and Letscher, D. and Zomorodian, A.",
  title = "Topological persistence and simplification",
  booktitle = "Proc. IEEE Symposium on Foundations of Computer Science",
  year = 2000,
  pages = "454--463",
}

@Inproceedings{ze-fsb-00,
  author = "Zomorodian, A. and Edelsbrunner, H.",
  title = "Fast Software for Box Intersection",
  booktitle = "Proc. ACM Symposium on Computational Geometry",
  year = 2000,
  pages = "129--138",
}

@Incollection{z-cfl-95,
  author = "Zomorodian, A.",
  title = "Context-Free Language Induction by Evolution of 
          Deterministic Push-Down Automata Using Genetic Programming",
  booktitle = "Genetic Programming Papers from the Fall Symposium",
  year = 1995
}

@article{bj-vp-92,
   title = {Finding good approximate vertex and edge partitions is 
		{$\NP$}-hard},
   author = {Thang Nguyen Bui and Curt Jones},
   journal = {Information Processing Letters},
   year = {1992},
   volume = {42},
   number = {3},
   pages = {153 - 159},
}

%vsep-odd
@article{VertexSepOdd,
   title = {$\alpha$-{V}ertex {S}eparator is {$\mathsf{NP}$}-Hard even for
3-{R}egular {G}raphs},
   author = {Wagner, D. and M\"uller, R.},
   journal = {Computing},
   year = {1991},
   volume = {46},
   pages = {343-353},
}

%% Prior Work
@article{lsv-ss-11,
  author    = {David Lipsky and
               Primoz Skraba and
               Mikael Vejdemo-Johansson},
  title     = {A spectral sequence for parallelized persistence},
  journal   = {CoRR},
  volume    = {abs/1112.1245},
  year      = {2011},
  url        = {{http://arxiv.org/abs/1112.1245}},
  bibsource = {DBLP, http://dblp.uni-trier.de}
}

@article{c-sht-71,
    AUTHOR = {Curtis, Edward B.},
     TITLE = {Simplicial homotopy theory},
   JOURNAL = {Advances in Math.},
  FJOURNAL = {Advances in Mathematics},
    VOLUME = {6},
      YEAR = {1971},
     PAGES = {107--209 (1971)},
      ISSN = {0001-8708},
   MRCLASS = {55.40},
  MRNUMBER = {0279808 (43 \#5529)},
MRREVIEWER = {A. L. Bousfield},
}

@article{ez-ssc-50,
 title = {Semi-Simplicial Complexes and Singular Homology},
 author = {Eilenberg, Samuel and Zilber, J. A.},
 journal = {The Annals of Mathematics},
 volume = {51},
 number = {3},
 series = {Second Series},
 pages = {pp. 499-513},
 url = {http://www.jstor.org/stable/1969364},
 year = {1950},
 publisher = {Annals of Mathematics}
}

@book{m-soat-68,
  title={Simplicial objects in algebraic topology},
  author={May, J.P.},
  year={1967},
  publisher={D. {V}an {N}ostrand {I}nc., {P}rinceton, {NJ}}
}

@techreport{bmlf-cmv-10,
    title = {{Constructive Mayer-Vietoris Algorithm: Computing the Homology of
Unions of Simplicial Complexes}},
    author = {Boltcheva, Dobrina and Merino, Sara and L{\'e}on, Jean-Claude and
H{\'e}troy, Franck},
    url = {http://hal.inria.fr/inria-00542717/en/},
    language = {English},
    type = {Rapport de recherche},
    institution = {INRIA},
    number = {RR-7471},
    year = {2010},
    month = {Dec},
    pdf = {{http://hal.inria.fr/inria-00542717/PDF/RR-7471.pdf}},
}

%% Graph Surveys
@article{fj-gp-98,
  title={Algorithms for Graph Partitioning: A Survey},
  author={Fjallstrom, P.O.},
  journal={Computer and Information Science},
  volume={3},
  number={10},
  year={1998}
}

%%Code
@article{KaKu95,
  title={A fast and high quality multilevel scheme for partitioning irregular graphs},
  author={Karypis, G. and Kumar, V.},
  journal={SIAM Journal on Scientific Computing},
  volume={20},
  number={1},
  pages={359},
  year={1999},
  publisher={SIAM},
  ee = {{http://www.cs.umn.edu/~metis}}
}

@article{IntelTBB,
  title={Intel{\textregistered} threading building blocks},
  author={Pheatt, C.},
  journal={Journal of Computing Sciences in Colleges},
  volume={23},
  number={4},
  pages={298--298},
  year={2008},
  publisher={Consortium for Computing Sciences in Colleges}
}

@article{OpenMP,
  title={OpenMP: an industry standard API for shared-memory programming},
  author={Dagum, L. and Menon, R.},
  journal={Computational Science \& Engineering, IEEE},
  volume={5},
  number={1},
  pages={46--55},
  year={1998},
  publisher={IEEE}
}

@book{hatcher,
  title={Algebraic topology},
  author={Hatcher, A.},
  year={2002},
  publisher={Cambridge University Press, Cambridge, UK}
}

@book{uhlig,
  title={Transform linear algebra},
  author={Uhlig, F.},
  year={2002},
  publisher={Prentice Hall, Upper Saddle River, NJ}
}

@book{kmm-ch-04,
  title={Computational homology},
  author={Kaczy{\'n}ski, T. and Mischaikow, K.M. and Mrozek, M.},
  volume={157},
  year={2004},
  publisher={Springer Verlag}
}

@article{mpz-hom-08,
  title={Homology algorithm based on acyclic subspace},
  author={Mrozek, M. and Pilarczyk, P. and Zelazna, N.},
  journal={Computers \& Mathematics with Applications},
  volume={55},
  number={11},
  pages={2395--2412},
  year={2008},
  publisher={Elsevier}
}

@book{breshears,
  title={The Art of Concurrency: A Thread Monkey's Guide to Writing Parallel, Applications},
  author={Breshears, C.},
  year={2009},
  publisher={O'Reilly Media}
}

@book{munkres,
  title={{E}lements of {A}lgebraic {T}opology},
  author={Munkres, J.R.},
  year={1984},
  publisher={Addison-Wesley Reading, MA}
}

@article{segal,
    AUTHOR = "Segal, G.",
     TITLE = "Classifying spaces and spectral sequences",
   JOURNAL = "Publications Math{\'e}mathiques de l'Institut
             des Hautes {\'E}tudes Scientifiques",
    VOLUME = "34",
      YEAR = "1968",
     PAGES = "105--112",
      ISSN = "0073-8301",
   MRCLASS = "55.52",
  MRNUMBER = "MR0232393 (38 \#718)",
MRREVIEWER = "A. K. Bousfield",
}

@article{d-snf-03,
  title={Computing simplicial homology based on efficient Smith normal form algorithms},
  author={Dumas, J.G. and Heckenbach, F. and Saunders, D. and Welker, V.},
  journal={Algebra, geometry, and software systems},
  volume={177},
  pages={207},
  year={2003},
  publisher={Springer-Verlag, New York}
}

@article{j-csm-04,
  title={Computing invariants of simplicial manifolds},
  author={Joswig, M.},
  journal={Arxiv preprint math/0401176},
  year={2004}
}


@manual{GAP4,
key          = "GAP",
organization = "The GAP~Group",
title        = "{GAP -- Groups, Algorithms, and Programming,
                Version 4.5.4}",
year         = 2012,
url          = {http://www.gap-system.org}
}


@article{kks-snf-87,
    author = {Kaltofen, E. and Krishnamoorthy, M. and Saunders, D.},
    title = {Fast Parallel Computation of Hermite and Smith Forms of Polynomial Matrices},
    journal = {SIAM. J. on Algebraic and Discrete Methods},
    year = {1987},
    volume = {8},
    pages = {683--690}
}

@article{kks-snf-89,
    author = {Kaltofen, E. and Krishnamoorthy, M. and Saunders, D.},
    title = {Parallel Algorithms for Matrix Normal Forms},
    journal = {Linear Algebra and Applications},
    year = {1989},
    volume = {136},
    pages = {189--208}
}

@article{m-nmgpuns-59,
  title = "A Note on a Method for Generating Points Uniformly on 
           N-Dimensional Spheres",
  author = "Muller, M. E.",
  journal = cacm,
  volume = 2,
  number = 4,
  pages = "19--20",
  year = 1959,
}

@incollection{bkr-cccph-13,
year={2014},
isbn={978-3-319-04098-1},
booktitle={Topological Methods in Data Analysis and Visualization III},
series={Mathematics and Visualization},
editor={Bremer, Peer-Timo and Hotz, Ingrid and Pascucci, Valerio and Peikert, Ronald},
doi={10.1007/978-3-319-04099-8_7},
title={Clear and Compress: Computing Persistent Homology in Chunks},
url={http://dx.doi.org/10.1007/978-3-319-04099-8_7},
publisher={Springer International Publishing},
author={Bauer, Ulrich and Kerber, Michael and Reininghaus, Jan},
pages={103-117},
language={English}
}
